@article{gomes2022,
  author = {Gomes, I. M. C.},
  title = {Sentido e Alcance do Princípio da Proteção ao Hipossuficiente no Direito Previdenciário},
  journal = {Revista Científica do Curso de Direito},
  number = {5},
  pages = {81-98},
  year = {2022},
  doi = {10.22481/rccd.i5.11872},
  url = {https://periodicos2.uesb.br/index.php/rccd/article/view/11872},
  urldate = {2023-03-04},
}

@article{tavares2009,
  author = {Tavares, Marcelo Leonardo},
  title = {O Devido Processo Legal Previdenciário e as Presunções de Prova},
  journal = {Revista de Previdência Social},
  volume = {33},
  number = {338},
  year = {2009},
}

@book{barcellos2020,
  author = {Barcellos, Ana Paula},
  title = {Curso de Direito Constitucional},
  year = {2020},
  publisher = {Grupo GEN},
  address = {São Paulo},
  note = {E-book},
  pages = {},
}

@book{sunstein2019,
  author = {Sunstein, Cass R. and Holmes, Stephen},
  title = {O custo dos Direitos},
  year = {2019},
  publisher = {WMF Martins Fontes},
  address = {São Paulo},
  note = {E-book},
  location = {3021},
}

@book{alexy2008,
  author = {Alexy, Robert},
  title = {Teoria dos direitos fundamentais},
  year = {2008},
  publisher = {Malheiros Editores},
  address = {São Paulo},
}

@book{amado2015,
	title = {Curso de Direito e Processo Previdenciário},
	author = {Amado, Frederico},
	year = {2015},
	date = {2015},
	publisher = {Juspodivm},
	edition = {7ª},
	address = {Salvador}
}

@book{goes2022,
  author = {Góes, Hugo},
  title = {Manual de Direito Previdenciário},
  year = {2022},
  publisher = {Grupo GEN},
  address = {São Paulo},
  note = {E-book},
  pages = {},
}

@book{leitao2018,
  author = {Leitão, André S.},
  title = {Manual de Direito Previdenciário},
  year = {2018},
  publisher = {Editora Saraiva},
  address = {São Paulo},
  note = {E-book},
  pages = {},
}

@book{dias2012,
  author = {Dias, Eduardo R. and Macêdo, José Leandro Monteiro de},
  title = {Curso de Direito Previdenciário},
  year = {2012},
  edition = {3},
  publisher = {Grupo GEN},
  address = {São Paulo},
  note = {E-book},
  pages = {},
}

@book{lazzari2021,
  author = {Lazzari, João B. and Castro, Carlos Alberto Pereira de},
  title = {Direito Previdenciário},
  year = {2021},
  publisher = {Grupo GEN},
  address = {São Paulo},
  note = {E-book},
  pages = {},
}

@book{garcia2022,
  author = {Garcia, Gustavo F. B.},
  title = {Manual de Direito Previdenciário},
  year = {2022},
  edition = {6},
  publisher = {Editora Juspodivm},
  address = {Salvador},
  pages = {},
}

@book{martins2020,
  author = {Martins, Sérgio P.},
  title = {Direito da Seguridade Social},
  year = {2020},
  edition = {39},
  publisher = {Editora Saraiva},
  address = {São Paulo},
}

@book{paulsen2019,
  author = {Paulsen, Leandro and Velloso, Andrei P.},
  title = {Contribuições no Sistema Tributário Brasileiro},
  year = {2019},
  publisher = {Editora Saraiva},
  address = {São Paulo},
  pages = {103},
}

@book{didier2015,
  author = {Didier, Fredie},
  title = {Curso de Direito Processual Civil},
  volume = {1},
  year = {2015},
  edition = {17},
  publisher = {Editora Juspodivm},
  address = {Salvador},
}

@online{streck2013,
  author = {Streck, Lenio},
  title = {O pamprincipiologismo e a flambagem do Direito},
  url = {http://www.conjur.com.br/2013-out-10/senso-incomum-pamprincipiologismo-flambagem-direito},
  urldate = {2022-08-02},
}

@article{zabala2014,
  author = {Zabala, Filipe Jaeger and Silveira, Fabiano Feijó},
  title = {Jurimetria: estatística aplicada ao direito},
  journal = {Revista Direito e Liberdade},
  volume = {16},
  number = {1},
  pages = {87-103},
  year = {2014},
  address = {Natal},
}

@book{bobbio2014,
  author = {Bobbio, Norberto},
  title = {Teoria do Ordenamento Jurídico},
  year = {2014},
  edition = {2},
  publisher = {Edipro},
  address = {São Paulo},
}

@book{filho2022,
  author = {Filho, José dos Santos C.},
  title = {Manual de Direito Administrativo},
  year = {2022},
  publisher = {Grupo GEN},
  address = {São Paulo},
  note = {E-book},
  pages = {},
}

@book{ross2003,
  author = {Ross, Alf},
  title = {Direito e justiça},
  year = {2003},
  edition = {1ª reimpressão},
  publisher = {Edipro},
  address = {Bauru},
  pages = {},
}

@incollection{guastini2014,
  author = {Guastini, Riccardo},
  title = {El realismo jurídico redefinido},
  booktitle = {Otras distinciones},
  year = {2014},
  publisher = {Externado},
  address = {Bogotá},
}

@book{kertzman2011,
  author = {Kertzman, Ivan},
  title = {Curso prático de Direito Previdenciário},
  year = {2011},
  publisher = {JusPodivm},
  address = {Salvador},
  pages = {48},
  note = {Citado por Leitão, André S. em \textit{Manual de Direito previdenciário}, Editora Saraiva, 2018.},
}

@book{vianna2022,
  author = {Vianna, João Ernesto A.},
  title = {Direito Previdenciário},
  year = {2022},
  publisher = {Grupo GEN},
  address = {São Paulo},
  note = {E-book},
  pages = {},
}