@book{amado2015,
	title = {Curso de Direito e Processo Previdenciário},
	author = {Amado, Frederico},
	year = {2015},
	date = {2015},
	publisher = {Juspodivm},
	edition = {7ª},
	address = {Salvador}
}