@book{amado2015,
	title = {Curso de Direito e Processo Previdenciário},
	author = {Amado, Frederico},
	year = {2015},
	date = {2015},
	publisher = {Juspodivm},
	edition = {7ª},
	address = {Salvador}
}

@book{goes2022,
  author = {Góes, Hugo},
  title = {Manual de Direito Previdenciário},
  year = {2022},
  publisher = {Grupo GEN},
  address = {São Paulo},
  note = {E-book},
  pages = {},
}

@book{leitao2018,
  author = {Leitão, André S.},
  title = {Manual de Direito Previdenciário},
  year = {2018},
  publisher = {Editora Saraiva},
  address = {São Paulo},
  note = {E-book},
  pages = {},
}

@book{dias2012,
  author = {Dias, Eduardo R. and Macêdo, José Leandro Monteiro de},
  title = {Curso de Direito Previdenciário},
  year = {2012},
  edition = {3},
  publisher = {Grupo GEN},
  address = {São Paulo},
  note = {E-book},
  pages = {},
}

@book{lazzari2021,
  author = {Lazzari, João B. and Castro, Carlos Alberto Pereira de},
  title = {Direito Previdenciário},
  year = {2021},
  publisher = {Grupo GEN},
  address = {São Paulo},
  note = {E-book},
  pages = {},
}

@book{garcia2022,
  author = {Garcia, Gustavo F. B.},
  title = {Manual de Direito Previdenciário},
  year = {2022},
  edition = {6},
  publisher = {Editora Juspodivm},
  address = {Salvador},
  pages = {},
}

@book{martins2020,
  author = {Martins, Sérgio P.},
  title = {Direito da Seguridade Social},
  year = {2020},
  edition = {39},
  publisher = {Editora Saraiva},
  address = {São Paulo},
}

@book{paulsen2019,
  author = {Paulsen, Leandro and Velloso, Andrei P.},
  title = {Contribuições no Sistema Tributário Brasileiro},
  year = {2019},
  publisher = {Editora Saraiva},
  address = {São Paulo},
  pages = {103},
}

@book{didier2015,
  author = {Didier, Fredie},
  title = {Curso de Direito Processual Civil},
  volume = {1},
  year = {2015},
  edition = {17},
  publisher = {Editora Juspodivm},
  address = {Salvador},
}

@article{zabala2014,
  author = {Zabala, Filipe Jaeger and Silveira, Fabiano Feijó},
  title = {Jurimetria: estatística aplicada ao direito},
  journal = {Revista Direito e Liberdade},
  volume = {16},
  number = {1},
  pages = {87-103},
  year = {2014},
  address = {Natal},
}

@book{bobbio2014,
  author = {Bobbio, Norberto},
  title = {Teoria do Ordenamento Jurídico},
  year = {2014},
  edition = {2},
  publisher = {Edipro},
  address = {São Paulo},
}
